@inproceedings{felsen2017will,
  title={What will happen next? forecasting player moves in sports videos},
  author={Felsen, Panna and Agrawal, Pulkit and Malik, Jitendra},
  booktitle={Proceedings of the IEEE International Conference on Computer Vision},
  pages={3342--3351},
  year={2017}
}

@inproceedings{giancola2018soccernet,
  title={Soccernet: A scalable dataset for action spotting in soccer videos},
  author={Giancola, Silvio and Amine, Mohieddine and Dghaily, Tarek and Ghanem, Bernard},
  booktitle={Proceedings of the IEEE Conference on Computer Vision and Pattern Recognition Workshops},
  pages={1711--1721},
  year={2018}
}

@inproceedings{maksai2016players,
  title={What players do with the ball: A physically constrained interaction modeling},
  author={Maksai, Andrii and Wang, Xinchao and Fua, Pascal},
  booktitle={Proceedings of the IEEE Conference on Computer Vision and Pattern Recognition},
  pages={972--981},
  year={2016}
}

@inproceedings{ghosh2018towards,
  title={Towards Structured Analysis of Broadcast Badminton Videos},
  author={Ghosh, Anurag and Singh, Suriya and Jawahar, CV},
  booktitle={2018 IEEE Winter Conference on Applications of Computer Vision (WACV)},
  pages={296--304},
  year={2018},
  organization={IEEE}
}

@article{sukhwani2015tennisvid2text,
  title={Tennisvid2text: Fine-grained descriptions for domain specific videos},
  author={Sukhwani, Mohak and Jawahar, CV},
  journal={arXiv preprint arXiv:1511.08522},
  year={2015}
}

@inproceedings{sharma2015fine,
  title={Fine-grain annotation of cricket videos},
  author={Sharma, Rahul Anand and Sankar, K Pramod and Jawahar, CV},
  booktitle={2015 3rd IAPR Asian Conference on Pattern Recognition (ACPR)},
  pages={421--425},
  year={2015},
  organization={IEEE}
}

@article{sharma2017automatic,
  title={Automatic analysis of broadcast football videos using contextual priors},
  author={Sharma, Rahul Anand and Gandhi, Vineet and Chari, Visesh and Jawahar, CV},
  journal={Signal, Image and Video Processing},
  volume={11},
  number={1},
  pages={171--178},
  year={2017},
  publisher={Springer}
}

@manual{Dartfish,
      title  = "Sports Performance Analysis",
      author = "Dartfish",
      note   = "\url{http://dartfish.com/}"
    }

@article{reno2017technology,
  title={A technology platform for automatic high-level tennis game analysis},
  author={Ren{\`o}, Vito and Mosca, Nicola and Nitti, Massimiliano and Dâ€™Orazio, Tiziana and Guaragnella, Cataldo and Campagnoli, Donato and Prati, Andrea and Stella, Ettore},
  journal={Computer Vision and Image Understanding},
  volume={159},
  pages={164--175},
  year={2017},
  publisher={Elsevier}
}

@inproceedings{mlakar2017analyzing,
  title={Analyzing tennis game through sensor data with machine learning and multi-objective optimization},
  author={Mlakar, Miha and Lu{\v{s}}trek, Mitja},
  booktitle={Proceedings of the 2017 ACM International Joint Conference on Pervasive and Ubiquitous Computing and Proceedings of the 2017 ACM International Symposium on Wearable Computers},
  pages={153--156},
  year={2017},
  organization={ACM}
}

@inproceedings{he2016deep,
  title={Deep residual learning for image recognition},
  author={He, Kaiming and Zhang, Xiangyu and Ren, Shaoqing and Sun, Jian},
  booktitle={Proceedings of the IEEE conference on computer vision and pattern recognition},
  pages={770--778},
  year={2016}
}

@inproceedings{redmon2016you,
  title={You only look once: Unified, real-time object detection},
  author={Redmon, Joseph and Divvala, Santosh and Girshick, Ross and Farhadi, Ali},
  booktitle={Proceedings of the IEEE conference on computer vision and pattern recognition},
  pages={779--788},
  year={2016}
}

@inproceedings{ren2015faster,
  title={Faster r-cnn: Towards real-time object detection with region proposal networks},
  author={Ren, Shaoqing and He, Kaiming and Girshick, Ross and Sun, Jian},
  booktitle={Advances in neural information processing systems},
  pages={91--99},
  year={2015}
}

@article{simonyan2014very,
  title={Very deep convolutional networks for large-scale image recognition},
  author={Simonyan, Karen and Zisserman, Andrew},
  journal={arXiv preprint arXiv:1409.1556},
  year={2014}
}

@inproceedings{wang2015action,
  title={Action recognition with trajectory-pooled deep-convolutional descriptors},
  author={Wang, Limin and Qiao, Yu and Tang, Xiaoou},
  booktitle={Proceedings of the IEEE conference on computer vision and pattern recognition},
  pages={4305--4314},
  year={2015}
}

@inproceedings{lea2016temporal,
  title={Temporal convolutional networks: A unified approach to action segmentation},
  author={Lea, Colin and Vidal, Rene and Reiter, Austin and Hager, Gregory D},
  booktitle={European Conference on Computer Vision},
  pages={47--54},
  year={2016},
  organization={Springer}
}

@inproceedings{singh2016first,
  title={First person action recognition using deep learned descriptors},
  author={Singh, Suriya and Arora, Chetan and Jawahar, CV},
  booktitle={Proceedings of the IEEE Conference on Computer Vision and Pattern Recognition},
  pages={2620--2628},
  year={2016}
}

@inproceedings{chu2017badminton,
  title={Badminton video analysis based on spatiotemporal and stroke features},
  author={Chu, Wei-Ta and Situmeang, Samuel},
  booktitle={Proceedings of the 2017 ACM on International Conference on Multimedia Retrieval},
  pages={448--451},
  year={2017},
  organization={ACM}
}

@article{yan2014automatic,
  title={Automatic annotation of tennis games: An integration of audio, vision, and learning},
  author={Yan, Fei and Kittler, Josef and Windridge, David and Christmas, William and Mikolajczyk, Krystian and Cox, Stephen and Huang, Qiang},
  journal={Image and Vision Computing},
  volume={32},
  number={11},
  pages={896--903},
  year={2014},
  publisher={Elsevier}
}

@article{beetz2009aspogamo,
  title={Aspogamo: Automated sports game analysis models},
  author={Beetz, Michael and Kirchlechner, Bernhard and Gedikli, Suat and Siles, Francisco and Durus, Murat and Lames, Martin}
}

@inproceedings{shitrit2011tracking,
  title={Tracking multiple people under global appearance constraints},
  author={Shitrit, Horesh Ben and Berclaz, Jerome and Fleuret, Francois and Fua, Pascal},
  booktitle={2011 International Conference on Computer Vision},
  pages={137--144},
  year={2011},
  organization={IEEE}
}

@inproceedings{simonyan2014two,
  title={Two-stream convolutional networks for action recognition in videos},
  author={Simonyan, Karen and Zisserman, Andrew},
  booktitle={Advances in neural information processing systems},
  pages={568--576},
  year={2014}
}

@article{soomro2012ucf101,
  title={UCF101: A dataset of 101 human actions classes from videos in the wild},
  author={Soomro, Khurram and Zamir, Amir Roshan and Shah, Mubarak},
  journal={arXiv preprint arXiv:1212.0402},
  year={2012}
}

@inproceedings{laptev2008learning,
  title={Learning realistic human actions from movies},
  author={Laptev, Ivan and Marsza{\l}ek, Marcin and Schmid, Cordelia and Rozenfeld, Benjamin},
  booktitle={CVPR 2008-IEEE Conference on Computer Vision \& Pattern Recognition},
  pages={1--8},
  year={2008},
  organization={IEEE Computer Society}
}

@inproceedings{urtasun20063d,
  title={3D people tracking with Gaussian process dynamical models},
  author={Urtasun, Raquel and Fleet, David J and Fua, Pascal},
  booktitle={2006 IEEE Computer Society Conference on Computer Vision and Pattern Recognition (CVPR'06)},
  volume={1},
  pages={238--245},
  year={2006},
  organization={IEEE}
}

@article{weng2006video,
  title={Video object tracking using adaptive Kalman filter},
  author={Weng, Shiuh-Ku and Kuo, Chung-Ming and Tu, Shu-Kang},
  journal={Journal of Visual Communication and Image Representation},
  volume={17},
  number={6},
  pages={1190--1208},
  year={2006},
  publisher={Elsevier}
}

@inproceedings{chen2014play,
  title={Play type recognition in real-world football video},
  author={Chen, Sheng and Feng, Zhongyuan and Lu, Qingkai and Mahasseni, Behrooz and Fiez, Trevor and Fern, Alan and Todorovic, Sinisa},
  booktitle={IEEE Winter Conference on Applications of Computer Vision},
  pages={652--659},
  year={2014},
  organization={IEEE}
}

@inproceedings{sha2014understanding,
  title={Understanding and analyzing a large collection of archived swimming videos},
  author={Sha, Long and Lucey, Patrick and Sridharan, Sridha and Morgan, Stuart and Pease, Dave},
  booktitle={IEEE Winter Conference on Applications of Computer Vision},
  pages={674--681},
  year={2014},
  organization={IEEE}
}

@inproceedings{ghanem2012context,
  title={Context-aware learning for automatic sports highlight recognition},
  author={Ghanem, Bernard and Kreidieh, Maya and Farra, Marc and Zhang, Tianzhu},
  booktitle={Proceedings of the 21st International Conference on Pattern Recognition (ICPR2012)},
  pages={1977--1980},
  year={2012},
  organization={IEEE}
}

@article{yoshikawa2010automated,
  title={Automated service scene detection for badminton game analysis using CHLAC and MRA},
  author={Yoshikawa, Fumito and Kobayashi, Takumi and Watanabe, Kenji and Otsu, Nobuyuki}
}

@inproceedings{bertasius2017baller,
  title={Am I a baller? Basketball performance assessment from first-person videos},
  author={Bertasius, Gedas and Soo Park, Hyun and Yu, Stella X and Shi, Jianbo},
  booktitle={Proceedings of the IEEE International Conference on Computer Vision},
  pages={2177--2185},
  year={2017}
}

@article{chen2007statistical,
  title={A statistical method for analysis of technical data of a badminton match based on 2-D seriate images},
  author={Chen, Bingqi and Wang, Zhiqiang},
  journal={Tsinghua science and technology},
  volume={12},
  number={5},
  pages={594--601},
  year={2007},
  publisher={TUP}
}

@article{careelmont2013badminton,
  title={Badminton shot classification in compressed video with baseline angled camera}
}
@article{dierickx2014badminton,
  title={Badminton game analysis from video sequences},
  author={Dierickx, Tom},
  year={2014}
}

@inproceedings{sukhwani2016frame,
  title={Frame level annotations for tennis videos},
  author={Sukhwani, Mohak and Jawahar, CV},
  booktitle={2016 23rd International Conference on Pattern Recognition (ICPR)},
  pages={841--846},
  year={2016},
  organization={IEEE}
}

@inproceedings{ghosh2017smart,
    title={SmartTennisTV: Automatic indexing of tennis videos},
    author={Ghosh, Anurag and Jawahar, C.~V.},
    booktitle={National Conference on Computer Vision, Pattern Recognition, Image Processing and Graphics (NCVPRIPG 2017), IIT Mandi, HP, India, 2017},
    pages={10},
    year={2017}
}

@article{nguyen2012human,
  title={Human detection from images and videos},
  author={Nguyen, Duc Thanh},
  year={2012}
}

@article{mentzelopoulos2013active,
  title={Active foreground region extraction and tracking for sports video annotation},
  author={Mentzelopoulos, Markos and Psarrou, Alexandra and Angelopoulou, Anastassia and Garc{\'\i}a-Rodr{\'\i}guez, Jos{\'e}},
  journal={Neural processing letters},
  volume={37},
  number={1},
  pages={33--46},
  year={2013},
  publisher={Springer}
}

@article{yan2014automatic,
  title={Automatic annotation of tennis games: An integration of audio, vision, and learning},
  author={Yan, Fei and Kittler, Josef and Windridge, David and Christmas, William and Mikolajczyk, Krystian and Cox, Stephen and Huang, Qiang},
  journal={Image and Vision Computing},
  volume={32},
  number={11},
  pages={896--903},
  year={2014},
  publisher={Elsevier}
}

@inproceedings{held2016learning,
  title={Learning to track at 100 fps with deep regression networks},
  author={Held, David and Thrun, Sebastian and Savarese, Silvio},
  booktitle={European Conference on Computer Vision},
  pages={749--765},
  year={2016},
  organization={Springer}
}

@inproceedings{wang2016classifying,
  title={Classifying NBA offensive plays using neural networks},
  author={Wang, Kuan-Chieh and Zemel, Richard}
}

@inproceedings{cervone2014pointwise,
  title={POINTWISE: Predicting points and valuing decisions in real time with NBA optical tracking data},
  author={Cervone, Dan and Dâ€™Amour, Alexander and Bornn, Luke and Goldsberry, Kirk}
}

@inproceedings{fathi2011learning,
  title={Learning to recognize objects in egocentric activities},
  author={Fathi, Alireza and Ren, Xiaofeng and Rehg, James M},
  booktitle={CVPR 2011},
  pages={3281--3288},
  year={2011},
  organization={IEEE}
}

@inproceedings{stein2013combining,
  title={Combining embedded accelerometers with computer vision for recognizing food preparation activities},
  author={Stein, Sebastian and McKenna, Stephen J},
  booktitle={Proceedings of the 2013 ACM international joint conference on Pervasive and ubiquitous computing},
  pages={729--738},
  year={2013},
  organization={ACM}
}

@inproceedings{he2016deep,
  title={Deep residual learning for image recognition},
  author={He, Kaiming and Zhang, Xiangyu and Ren, Shaoqing and Sun, Jian},
  booktitle={Proceedings of the IEEE conference on computer vision and pattern recognition},
  pages={770--778},
  year={2016}
}

@inproceedings{ren2015faster,
  title={Faster r-cnn: Towards real-time object detection with region proposal networks},
  author={Ren, Shaoqing and He, Kaiming and Girshick, Ross and Sun, Jian},
  booktitle={Advances in neural information processing systems},
  pages={91--99},
  year={2015}
}
